<record><leader>00000cas a2200000 a 4500</leader><controlfield tag="001">11620727</controlfield><controlfield tag="008">850125d18771954inuwr ne      0    0eng c</controlfield><datafield ind1=" " ind2=" " tag="010"><subfield code="a">sn 85047668 </subfield></datafield><datafield ind1=" " ind2=" " tag="040"><subfield code="a">NPI</subfield><subfield code="b">eng</subfield><subfield code="c">NPI</subfield><subfield code="d">NVF</subfield><subfield code="d">CUI</subfield><subfield code="d">OCLCQ</subfield><subfield code="d">OCLCF</subfield></datafield><datafield ind1=" " ind2=" " tag="042"><subfield code="a">pcc</subfield></datafield><datafield ind1=" " ind2=" " tag="043"><subfield code="a">n-us-in</subfield></datafield><datafield ind1=" " ind2="4" tag="050"><subfield code="a">AN</subfield></datafield><datafield ind1="0" ind2="0" tag="245"><subfield code="a">Lawrenceburgh register.</subfield></datafield><datafield ind1="1" ind2=" " tag="246"><subfield code="i">Published as:</subfield><subfield code="a">Lawrenceburg register</subfield><subfield code="f">&lt;1914:10:1-1918:9:26&gt;</subfield></datafield><datafield ind1=" " ind2=" " tag="260"><subfield code="a">Lawrenceburgh, Ind. :</subfield><subfield code="b">Register Print. Co.,</subfield><subfield code="c">1877-1954.</subfield></datafield><datafield ind1=" " ind2=" " tag="300"><subfield code="a">v.</subfield></datafield><datafield ind1=" " ind2=" " tag="310"><subfield code="a">Weekly</subfield></datafield><datafield ind1="0" ind2=" " tag="362"><subfield code="a">Vol. 1, no. 1 [i.e. vol. 41, no. 10] (Mar. 8, 1877)-v. 118, no. 29 (Sept. 23, 1954).</subfield></datafield><datafield ind1=" " ind2=" " tag="500"><subfield code="a">Resumes subtitle: "At this time, and for the past forty years, the official paper of Dearborn County" with the April 5, 1877 issue.</subfield></datafield><datafield ind1=" " ind2=" " tag="500"><subfield code="a">Publishers: 1877, J.H. Burkam; 1877-1894, W.D.H. Hunter and William H. O'Brien; 1894-1954, The Register Co.</subfield></datafield><datafield ind1=" " ind2=" " tag="515"><subfield code="a">The first issue of the Lawrenceburgh register was published on the same day as the final issue of the Democratic register (i.e., issues of both titles were published on Mar. 8, 1877). First four issues of the Lawrenceburgh register carries new numbering pattern; issue five reverts to the final numbering pattern of the Democratic register.</subfield></datafield><datafield ind1=" " ind2="0" tag="651"><subfield code="a">Lawrenceburg (Ind.)</subfield><subfield code="v">Newspapers.</subfield></datafield><datafield ind1=" " ind2="0" tag="651"><subfield code="a">Dearborn County (Ind.)</subfield><subfield code="v">Newspapers.</subfield></datafield><datafield ind1=" " ind2="7" tag="655"><subfield code="a">Newspapers.</subfield><subfield code="2">fast</subfield><subfield code="0">(OCoLC)fst01423814</subfield></datafield><datafield ind1=" " ind2="7" tag="651"><subfield code="a">Indiana</subfield><subfield code="z">Dearborn County.</subfield><subfield code="2">fast</subfield><subfield code="0">(OCoLC)fst01216007</subfield></datafield><datafield ind1=" " ind2="7" tag="651"><subfield code="a">Indiana</subfield><subfield code="z">Lawrenceburg.</subfield><subfield code="2">fast</subfield><subfield code="0">(OCoLC)fst01238715</subfield></datafield><datafield ind1=" " ind2=" " tag="752"><subfield code="a">United States</subfield><subfield code="b">Indiana</subfield><subfield code="c">Dearborn</subfield><subfield code="d">Lawrenceburg.</subfield></datafield><datafield ind1="0" ind2="0" tag="780"><subfield code="t">Democratic register (Lawrenceburg, Ind.)</subfield><subfield code="w">(DLC)sn 83025611</subfield><subfield code="w">(OCoLC)9653125</subfield></datafield><datafield ind1="0" ind2="0" tag="785"><subfield code="t">Dearborn County register (Lawrenceburg, Ind. : 1954)</subfield><subfield code="w">(DLC)sn 85047669</subfield><subfield code="w">(OCoLC)11620794</subfield></datafield></record>